<collection xmlns="http://www.loc.gov/MARC21/slim">
<record>
  <leader>01064nam0a22002531i 450 </leader>
  <controlfield tag="001">IT\ICCU\CNCE\075456</controlfield>
  <controlfield tag="005">20110117000000.0</controlfield>
  <datafield tag="012" ind1=" " ind2=" ">
    <subfield code="a">toba toba nono reno (C) 15.. (Q)</subfield>
    <subfield code="2">fei</subfield>
  </datafield>
  <datafield tag="100" ind1=" " ind2=" ">
    <subfield code="a">20101027f15011600    0itac0103    ba</subfield>
  </datafield>
  <datafield tag="101" ind1=" " ind2=" ">
    <subfield code="a">ITA</subfield>
  </datafield>
  <datafield tag="102" ind1=" " ind2=" ">
    <subfield code="a">IT</subfield>
  </datafield>
  <datafield tag="200" ind1="1" ind2=" ">
    <subfield code="a">Trattato della superbia, &amp; morte di Senso</subfield>
  </datafield>
  <datafield tag="210" ind1=" " ind2=" ">
    <subfield code="d">\15..!</subfield>
    <subfield code="e">In Fiorenza</subfield>
    <subfield code="g">per Ant. Mazochi</subfield>
  </datafield>
  <datafield tag="215" ind1=" " ind2=" ">
    <subfield code="a">\4! c.</subfield>
    <subfield code="c">ill.</subfield>
    <subfield code="d">4ʻ</subfield>
  </datafield>
  <datafield tag="300" ind1=" " ind2=" ">
    <subfield code="a">Per la data cfr.: M. Sander, Le livre  ̉figures italien depuis 1467 jusqu&apos; ̉1530, n. 7132</subfield>
  </datafield>
  <datafield tag="620" ind1=" " ind2=" ">
    <subfield code="a">IT</subfield>
    <subfield code="d">Firenze</subfield>
  </datafield>
  <datafield tag="712" ind1="0" ind2="0">
    <subfield code="a">Mazzocchi, Antonio</subfield>
    <subfield code="3">IT\ICCU\CNCT\000741</subfield>
    <subfield code="4">650</subfield>
  </datafield>
  <datafield tag="791" ind1="0" ind2="0">
    <subfield code="a">Mazochi, Antonio</subfield>
    <subfield code="3">IT\ICCU\CNCT\003986</subfield>
    <subfield code="z">Mazzocchi, Antonio</subfield>
  </datafield>
  <datafield tag="791" ind1="0" ind2="2">
    <subfield code="a">Antonius Cremonensis</subfield>
    <subfield code="3">IT\ICCU\CNCT\003987</subfield>
    <subfield code="z">Mazzocchi, Antonio</subfield>
  </datafield>
  <datafield tag="791" ind1="0" ind2="0">
    <subfield code="a">Mazochis, Antonius de</subfield>
    <subfield code="3">IT\ICCU\CNCT\005136</subfield>
    <subfield code="z">Mazzocchi, Antonio</subfield>
  </datafield>
  <datafield tag="791" ind1="0" ind2="2">
    <subfield code="a">Ant. M. C.</subfield>
    <subfield code="3">IT\ICCU\CNCT\005137</subfield>
    <subfield code="z">Mazzocchi, Antonio</subfield>
  </datafield>
  <datafield tag="791" ind1="0" ind2="0">
    <subfield code="a">Zachello de Mazochi, Antonio</subfield>
    <subfield code="3">IT\ICCU\CNCT\005138</subfield>
    <subfield code="z">Mazzocchi, Antonio</subfield>
  </datafield>
  <datafield tag="801" ind1=" " ind2="3">
    <subfield code="a">IT</subfield>
    <subfield code="b">ICCU</subfield>
    <subfield code="c">20201115</subfield>
  </datafield>
  <datafield tag="899" ind1=" " ind2=" ">
    <subfield code="a">Biblioteca nazionale centrale. Firenze</subfield>
    <subfield code="1">FI0098</subfield>
    <subfield code="2">CFI CF</subfield>
  </datafield>
</record>
</collection>
